@article{wang2013intelligent,
  title={Intelligent multi-camera video surveillance: A review},
  author={Wang, Xiaogang},
  journal={Pattern Recognition Letters (PRL)},
  volume={34},
  number={1},
  pages={3--19},
  year={2013},
  publisher={Elsevier}
}
@inproceedings{baltieri20113dpes,
  title={3dpes: 3d people dataset for surveillance and forensics},
  author={Baltieri, Davide and Vezzani, Roberto and Cucchiara, Rita},
  booktitle={Proceedings of the Joint ACM workshop on Human Gesture and Behavior Understanding (J-HGBU)},
  pages={59--64},
  year={2011},
  organization={ACM}
}
@article{zhang1982,
  title={中国哲学大纲中国哲学大纲中国哲学大纲中国哲学大纲中国哲学大纲中国哲学大纲},
  author={张岱年},
  journal={北京大学学报:哲学社会科学版},
  number={6},
  pages={156-156},
  year={1982},
}
@inproceedings{hirzer2011person,
  title={Person re-identification by descriptive and discriminative classification},
  author={Hirzer, Martin and Beleznai, Csaba and Roth, Peter M and Bischof, Horst},
  booktitle={Proceedings of the Scandinavian Conference on Image Analysis (SCIA)},
  pages={91--102},
  year={2011},
  organization={Springer}
}
@inproceedings{ess2007depth,
  title={Depth and appearance for mobile scene analysis},
  author={Ess, Andreas and Leibe, Bastian and Van Gool, Luc},
  booktitle={Proceedings of the IEEE International Conference on Computer Vision (ICCV)},
  pages={1--8},
  year={2007},
  organization={IEEE}
}
@article{zhu2018video,
  title={Video-based person re-identification by simultaneously learning intra-video and inter-video distance metrics},
  author={Zhu, Xiaoke and Jing, Xiao-Yuan and You, Xinge and Zhang, Xinyu and Zhang, Taiping},
  journal={IEEE Transactions on Image Processing (TIP)},
  volume={27},
  number={11},
  pages={5683--5695},
  year={2018},
  publisher={IEEE}
}
@inproceedings{zhu2016distance,
  title={Distance learning by treating negative samples differently and exploiting impostors with symmetric triplet constraint for person re-identification},
  author={Zhu, Xiaoke and Jing, Xiao-Yuan and Wu, Fei and Zheng, Weishi and Hu, Ruimin and Xiao, Chunxia and Liang, Chao},
  booktitle={Proceedings of the IEEE International Conference on Multimedia and Expo (ICME)},
  pages={1--6},
  year={2016},
  organization={IEEE}
}
@inproceedings{wang2014person,
  title={Person re-identification by video ranking},
  author={Wang, Taiqing and Gong, Shaogang and Zhu, Xiatian and Wang, Shengjin},
  booktitle={Proceedings of the European Conference on Computer Vision (ECCV)},
  pages={688--703},
  year={2014},
  organization={Springer}
}
@article{maaten2008visualizing,
  title={Visualizing data using t-SNE},
  author={Maaten, Laurens van der and Hinton, Geoffrey},
  journal={Journal of machine learning research (JMLR)},
  volume={9},
  number={Nov},
  pages={2579--2605},
  year={2008}
}
@article{cai1999tracking,
  title={Tracking human motion in structured environments using a distributed-camera system},
  author={Cai, Quin and Aggarwal, Jake K},
  journal={IEEE Transactions on Pattern Analysis and Machine Intelligence (TPMAI)},
  volume={21},
  number={11},
  pages={1241--1247},
  year={1999},
  publisher={IEEE}
}

@article{Dollar2012PAMI,
  author = {Piotr Doll\'ar and Christian Wojek and Bernt Schiele and Pietro Perona},
  title = {Pedestrian Detection: An Evaluation of the State of the Art},
  journal = {IEEE Transactions on Pattern Analysis and Machine Intelligence (TPMAI)},
  volume = {34},
  number={4},
  pages={743--761},
  year = {2012},
  publisher={IEEE}
}

@inproceedings{zajdel2005keeping,
  title={Keeping track of humans: Have I seen this person before?},
  author={Zajdel, Wojciech and Zivkovic, Zoran and Krose, BJA},
  booktitle={Proceedings of the IEEE International Conference on Robotics and Automation (ICRA)},
  pages={2081--2086},
  year={2005},
  organization={IEEE}
}

@inproceedings{gheissari2006person,
  title={Person reidentification using spatiotemporal appearance},
  author={Gheissari, Niloofar and Sebastian, Thomas B and Hartley, Richard},
  booktitle={Proceedings of the IEEE Conference on Computer Vision and Pattern Recognition (CVPR)},
  pages={1528--1535},
  year={2006},
  organization={IEEE}
}

@inproceedings{li2014deepreid,
  title={Deepreid: Deep filter pairing neural network for person re-identification},
  author={Li, Wei and Zhao, Rui and Xiao, Tong and Wang, Xiaogang},
  booktitle={Proceedings of the IEEE Conference on Computer Vision and Pattern Recognition (CVPR)},
  pages={152--159},
  year={2014}
}

@inproceedings{li2013locally,
  title={Locally aligned feature transforms across views},
  author={Li, Wei and Wang, Xiaogang},
  booktitle={Proceedings of the IEEE Conference on Computer Vision and Pattern Recognition (CVPR)},
  pages={3594--3601},
  year={2013}
}
@inproceedings{li2012human,
  title={Human reidentification with transferred metric learning},
  author={Li, Wei and Zhao, Rui and Wang, Xiaogang},
  booktitle={Proceedings of the Asian Conference on Computer Vision (ACCV)},
  pages={31--44},
  year={2012},
  organization={Springer}
}
@incollection{roth2014mahalanobis,
  title={Mahalanobis distance learning for person re-identification},
  author={Roth, Peter M and Hirzer, Martin and K{\"o}stinger, Martin and Beleznai, Csaba and Bischof, Horst},
  booktitle={Person re-identification},
  pages={247--267},
  year={2014},
  publisher={Springer},
  address={London}
}
@inproceedings{martinel2012re,
  title={Re-identify people in wide area camera network},
  author={Martinel, Niki and Micheloni, Christian},
  booktitle={Proceedings of the IEEE Conference on Computer Vision and Pattern Recognition Workshops (CVPRW)},
  pages={31--36},
  year={2012},
  organization={IEEE}
}

@inproceedings{loy2009multi,
  title={Multi-camera activity correlation analysis},
  author={Loy, Chen Change and Xiang, Tao and Gong, Shaogang},
  booktitle={Proceedings of the IEEE Conference on Computer Vision and Pattern Recognition (CVPR)},
  pages={1988--1995},
  year={2009},
  organization={IEEE}
}
@inproceedings{Zheng2009Associating,
  title={Associating Groups of People},
  author={Zheng, Wei Shi and Gong, Shaogang and Xiang, Tao},
  booktitle={British Machine Vision Conference (BMVC)},
  year={2009},
}
@inproceedings{cheng2011custom,
  title={Custom pictorial structures for re-identification.},
  author={Cheng, Dong Seon and Cristani, Marco and Stoppa, Michele and Bazzani, Loris and Murino, Vittorio},
  booktitle={British Machine Vision Conference (BMVC)},
  volume={1},
  number={2},
  pages={6},
  year={2011},
  organization={Citeseer}
}
@inproceedings{gray2007evaluating,
  title={Evaluating appearance models for recognition, reacquisition, and tracking},
  author={Gray, Douglas and Brennan, Shane and Tao, Hai},
  booktitle={Proceedings of the IEEE International Workshop on Performance Evaluation for Tracking and Surveillance (PETS)},
  volume={3},
  number={5},
  pages={1--7},
  year={2007},
  organization={Citeseer}
}
@inproceedings{das2014consistent,
  title={Consistent re-identification in a camera network},
  author={Das, Abir and Chakraborty, Anirban and Roy-Chowdhury, Amit K},
  booktitle={Proceedings of the European Conference on Computer Vision (ECCV)},
  pages={330--345},
  year={2014},
  organization={Springer}
}
@inproceedings{zheng2015scalable,
  title={Scalable person re-identification: A benchmark},
  author={Zheng, Liang and Shen, Liyue and Tian, Lu and Wang, Shengjin and Wang, Jingdong and Tian, Qi},
  booktitle={Proceedings of the IEEE International Conference on Computer Vision (ICCV)},
  pages={1116--1124},
  year={2015}
}

@inproceedings{zheng2017unlabeled,
  title={Unlabeled samples generated by gan improve the person re-identification baseline in vitro},
  author={Zheng, Zhedong and Zheng, Liang and Yang, Yi},
  booktitle={Proceedings of the IEEE International Conference on Computer Vision (ICCV)},
  pages={3774--3782},
  year={2017}
}
@inproceedings{su2016deep,
  title={Deep attributes driven multi-camera person re-identification},
  author={Su, Chi and Zhang, Shiliang and Xing, Junliang and Gao, Wen and Tian, Qi},
  booktitle={Proceedings of the European Conference on Computer Vision (ECCV)},
  pages={475--491},
  year={2016}
}

@inproceedings{ustinova2017multi,
  title={Multi-region bilinear convolutional neural networks for person re-identification},
  author={Ustinova, Evgeniya and Ganin, Yaroslav and Lempitsky, Victor},
  booktitle={Proceedings of the IEEE International Conference on Advanced Video and Signal Based Surveillance (AVSS)},
  pages={1--6},
  year={2017},
  organization={IEEE}
}
@inproceedings{liu2016multi,
  title={Multi-scale triplet cnn for person re-identification},
  author={Liu, Jiawei and Zha, Zheng-Jun and Tian, QI and Liu, Dong and Yao, Ting and Ling, Qiang and Mei, Tao},
  booktitle={Proceedings of the ACM International Conference on Multimedia (ACM-MM)},
  pages={192--196},
  year={2016},
  organization={ACM}
}
@article{wu2017deep,
  title={Deep linear discriminant analysis on fisher networks: A hybrid architecture for person re-identification},
  author={Wu, Lin and Shen, Chunhua and van den Hengel, Anton},
  journal={Pattern Recognition (PR)},
  volume={65},
  pages={238--250},
  year={2017},
  publisher={Elsevier}
}
@inproceedings{deng2009imagenet,
  title={Imagenet: A large-scale hierarchical image database},
  author={Deng, Jia and Dong, Wei and Socher, Richard and Li, Li-Jia and Li, Kai and Fei-Fei, Li},
  booktitle={Proceedings of the IEEE Conference on Computer Vision and Pattern Recognition (CVPR)},
  pages={248--255},
  year={2009},
  organization={Ieee}
}
@inproceedings{zheng2017person,
  title={Person re-identification in the wild},
  author={Zheng, Liang and Zhang, Hengheng and Sun, Shaoyan and Chandraker, Manmohan and Yang, Yi and Tian, Qi},
  booktitle={Proceedings of the IEEE Conference on Computer Vision and Pattern Recognition (CVPR)},
  pages={1367--1376},
  year={2017}
}
@article{zheng2016person,
  title={Person re-identification: Past, present and future},
  author={Zheng, Liang and Yang, Yi and Hauptmann, Alexander G},
  journal={arXiv preprint arXiv:1610.02984},
  year={2016}
}
@inproceedings{wu2016enhanced,
  title={An enhanced deep feature representation for person re-identification},
  author={Wu, Shangxuan and Chen, Ying-Cong and Li, Xiang and Wu, An-Cong and You, Jin-Jie and Zheng, Wei-Shi},
  booktitle={Proceedings of the IEEE Winter Conference on Applications of Computer Vision (WACV)},
  pages={1--8},
  year={2016},
  organization={IEEE}
}
@inproceedings{huang2016camera,
  title={Camera network based person re-identification by leveraging spatial-temporal constraint and multiple cameras relations},
  author={Huang, Wenxin and Hu, Ruimin and Liang, Chao and Yu, Yi and Wang, Zheng and Zhong, Xian and Zhang, Chunjie},
  booktitle={Proceedings of the International Conference on Multimedia Modeling (MMM)},
  pages={174--186},
  year={2016},
  organization={Springer}
}
@inproceedings{perronnin2010improving,
  title={Improving the fisher kernel for large-scale image classification},
  author={Perronnin, Florent and S{\'a}nchez, Jorge and Mensink, Thomas},
  booktitle={Proceedings of the European Conference on Computer Vision (ECCV)},
  pages={143--156},
  year={2010},
  organization={Springer}
}
@inproceedings{lee2013pseudo,
  title={Pseudo-label: The simple and efficient semi-supervised learning method for deep neural networks},
  author={Lee, Dong-Hyun},
  volume={3},
  pages={2},
  booktitle={Proceedings of the International Conference on Machine Learning Workshop (ICMLW)},
  year={2013}
}
@article{odena2016semi,
  title={Semi-supervised learning with generative adversarial networks},
  author={Odena, Augustus},
  journal={arXiv preprint arXiv:1606.01583},
  year={2016}
}
@article{radford2015unsupervised,
  title={Unsupervised representation learning with deep convolutional generative adversarial networks},
  author={Radford, Alec and Metz, Luke and Chintala, Soumith},
  journal={arXiv preprint arXiv:1511.06434},
  year={2015}
}
@inproceedings{girshick2014rich,
  title={Rich feature hierarchies for accurate object detection and semantic segmentation},
  author={Girshick, Ross and Donahue, Jeff and Darrell, Trevor and Malik, Jitendra},
  booktitle={Proceedings of the IEEE Conference on Computer Vision and Pattern Recognition (CVPR)},
  pages={580--587},
  year={2014}
}
@inproceedings{schroff2015facenet,
  title={Facenet: A unified embedding for face recognition and clustering},
  author={Schroff, Florian and Kalenichenko, Dmitry and Philbin, James},
  booktitle={Proceedings of the IEEE Conference on Computer Vision and Pattern Recognition (CVPR)},
  pages={815--823},
  year={2015}
}
@inproceedings{cheng2016person,
  title={Person re-identification by multi-channel parts-based cnn with improved triplet loss function},
  author={Cheng, De and Gong, Yihong and Zhou, Sanping and Wang, Jinjun and Zheng, Nanning},
  booktitle={Proceedings of the IEEE Conference on Computer Vision and Pattern Recognition (CVPR)},
  pages={1335--1344},
  year={2016}
}
@article{liu2017end,
  title={End-to-end comparative attention networks for person re-identification},
  author={Liu, Hao and Feng, Jiashi and Qi, Meibin and Jiang, Jianguo and Yan, Shuicheng},
  journal={IEEE Transactions on Image Processing (TIP)},
  volume={26},
  number={7},
  pages={3492--3506},
  year={2017},
  publisher={IEEE}
}
@inproceedings{varior2016gated,
  title={Gated siamese convolutional neural network architecture for human re-identification},
  author={Varior, Rahul Rama and Haloi, Mrinal and Wang, Gang},
  booktitle={Proceedings of the European Conference on Computer Vision (ECCV)},
  pages={791--808},
  year={2016},
  organization={Springer}
}
@inproceedings{varior2016siamese,
  title={A siamese long short-term memory architecture for human re-identification},
  author={Varior, Rahul Rama and Shuai, Bing and Lu, Jiwen and Xu, Dong and Wang, Gang},
  booktitle={Proceedings of the European Conference on Computer Vision (ECCV)},
  pages={135--153},
  year={2016},
  organization={Springer}
}
@article{wu2016personnet,
  title={Personnet: Person re-identification with deep convolutional neural networks},
  author={Wu, Lin and Shen, Chunhua and Hengel, Anton van den},
  journal={arXiv preprint arXiv:1601.07255},
  year={2016}
}
@inproceedings{ahmed2015improved,
  title={An improved deep learning architecture for person re-identification},
  author={Ahmed, Ejaz and Jones, Michael and Marks, Tim K},
  booktitle={Proceedings of the IEEE Conference on Computer Vision and Pattern Recognition (CVPR)},
  pages={3908--3916},
  year={2015}
}
@inproceedings{radenovic2016cnn,
  title={CNN image retrieval learns from BoW: Unsupervised fine-tuning with hard examples},
  author={Radenovi{\'c}, Filip and Tolias, Giorgos and Chum, Ond{\v{r}}ej},
  booktitle={Proceedings of the European Conference on Computer Vision (ECCV)},
  pages={3--20},
  year={2016},
  organization={Springer}
}
@inproceedings{zhong2017re,
  title={Re-ranking person re-identification with k-reciprocal encoding},
  author={Zhong, Zhun and Zheng, Liang and Cao, Donglin and Li, Shaozi},
  booktitle={Proceedings of the IEEE Conference on Computer Vision and Pattern Recognition (CVPR)},
  pages={1318--1327},
  year={2017}
}